@MISC{SAS,
  note = "SAS sentiment analysis tool, \url{http://www.sas.com/text-analytics/sentiment-analysis}"
}

@MISC{SocialView,
  note = "SocialView sentiment analysis tool, \url{http://www.openamplify.com/home}"
}

@MISC{SMM,
  note = "SMM open source sentiment analysis tool, \url{http://smm.streamcrab.com/}"
}

@INCOLLECTION{PangLee,
  booktitle = "Foundations and Trends in Information Retrieval",
  title = "Opinion mining and sentiment analysis",
  author = "Bo Pang and Lillian Lee",
  pages = "1--135",
  year = 2008,
  note = "Available here: \url{http://www.cs.cornell.edu/home/llee/opinion-mining-sentiment-analysis-survey.html}"
}

@INPROCEEDINGS{Pangetal,
  author = "Bo Pang, Lillian Lee and Shivakumar Vaithyanathan",
  organization = "EMNLP",
  pages = "79--86",
  year = 2002,
  title = "Thumbs up? Sentiment Classification using Machine Learning Techniques",
  note = "Available here: \url{http://www.cs.cornell.edu/home/llee/papers/sentiment.pdf}"
}

@MISC{79percent,
  author = "Maria Ogneva",
  title = "How Companies Can Use Sentiment Analysis to Improve Their Business",
  note = "\url{http://mashable.com/2010/04/19/sentiment-analysis}"
}

@BOOK{bayes,
  title = "Machine Learning",
  author = "Tom M. Mitchell",
  chapter = "1",
  note = "Available here: \url{http://www.cs.cmu.edu/~tom/mlbook/NBayesLogReg.pdf}"
}

@ARTICLE{max_ent,
  author = "Kamal Nigamy, John Lafferty and Andrew McCallum",
  title = "Using Maximum Entropy for Text Classification",
  note = "Available here: \url{http://www.kamalnigam.com/papers/maxent-ijcaiws99.pdf}"
}

@MISC{svm,
  author = "Chih-Jen Lin",
  title = "Support Vector Machines for Data Classification",
  note = "Talk about SVM, \url{http://www.csie.ntu.edu.tw/~cjlin/talks/cwi.pdf}"
}

@ARTICLE{twitter_ds,
  author = "Alec Go, Richa Bhayani and Lei Huang",
  title = "Twitter Sentiment Classification using Distant Supervision",
  note = "Available here: \url{http://cs.stanford.edu/people/alecmgo/papers/TwitterDistantSupervision09.pdf}"
}

@INPROCEEDINGS{weigh1,
  author = "Srijith Ravikumar, Raju Balakrishnan and Subbarao Kambhampati",
  title = "Ranking tweets considering trust and relevance",
  organization = "IIWeb '12",
  note = "Available here: \url{http://dl.acm.org/citation.cfm?id=2331805&bnc=1}"
}

@MISC{weigh2,
  author = "V. Hallberg, A. Hjalmarsson, J. Puigcerver, C. Rydberg and J. Stjernberg",
  title = "TweetRank - An adaptation of the PageRank algorithm to Twitter world",
  note = "Available here: \url{http://puigcerver.me/joan/education/dd2476/report.pdf}"
}

@MANUAL{tw_api,
  note = "Twitter API v1.1, \url{https://dev.twitter.com/docs/api/1.1}"
}

@MANUAL{tw_api_1_0,
  note = "Twitter API v1.0, \url{https://dev.twitter.com/docs/api/1.0}"
}

@MANUAL{tw_search,
  note = "\url{https://dev.twitter.com/docs/using-search}"
}

@MANUAL{nltk,
  note = "Python Natural Language Toolkit, \url{http://nltk.org/}"
}

@MISC{elim_features,
  author = "Jacob Perkins",
  title = "Text Classification for Sentiment Analysis - Eliminate Low Information Features",
  note = "\url{http://streamhacker.com/2010/06/16/text-classification-sentiment-analysis-eliminate-low-information-features/}"
}

@MISC{chi-square,
  title = "Chi-squared goodness-of-fit test",
  note = "MIT lecture notes, \url{http://ocw.mit.edu/courses/mathematics/18-443-statistics-for-applications-fall-2006/lecture-notes/lecture11.pdf}"
}

@MISC{nltk_book,
  author = "Steven Bird, Ewan Klein and Edward Loper",
  title = "Natural Language Processing with Python",
  note = "Available here: \url{http://nltk.org/book/}"
}

@BOOK{foundations,
  author = "Christopher D. Manning and Hinrich Schutze",
  title = "Foundations of statistical natural language processing",
  chapter = 5
}

@MISC{github,
  title = "Sentiment analysis source code",
  note = "\url{http://github.com/roes/sentiment_analysis}"
}
